% !TEX program = xelatex
% !TEX encoding = UTF-8 Unicode
% !TEX spellcheck = de_US


@article{einstein,
	author =       "Albert Einstein",
	title =        "{Zur Elektrodynamik bewegter K{\"o}rper}. ({German})
	[{On} the electrodynamics of moving bodies]",
	journal =      "Annalen der Physik",
	volume =       "322",
	number =       "10",
	pages =        "891--921",
	year =         "1905",
	DOI =          "http://dx.doi.org/10.1002/andp.19053221004"
}

@book{latexcompanion,
	author    = "Michel Goossens and Frank Mittelbach and Alexander Samarin",
	title     = "The \LaTeX\ Companion",
	year      = "1993",
	publisher = "Addison-Wesley",
	address   = "Reading, Massachusetts"
}

@misc{knuthwebsite,
	author    = "Donald Knuth",
	title     = "Knuth: Computers and Typesetting",
	url       = "http://www-cs-faculty.stanford.edu/\~{}uno/abcde.html"
}

@Article{Zoofaghari_2023,
  author     = {Zoofaghari, Mohammad and Damrath, Martin and Veletić, Mladen and Sagini, Krizia and Bergsland, Jacob and Llorente, Alicia and Balasingham, Ilangko},
  title      = {In Silico Model for Tumor Diagnosis based on Bloodstream Penetrating Extracellular Vesicles},
  year       = {2023},
  month      = sep,
  pages      = {129--135},
  booktitle  = {Proceedings of the 10th ACM International Conference on Nanoscale Computing and Communication},
  collection = {NANOCOM ’23},
  doi        = {10.1145/3576781.3608719},
  publisher  = {ACM},
  series     = {NANOCOM ’23},
}

@Article{Doyle_2019,
  author    = {Doyle, Laura and Wang, Michael},
  journal   = {Cells},
  title     = {Overview of Extracellular Vesicles, Their Origin, Composition, Purpose, and Methods for Exosome Isolation and Analysis},
  year      = {2019},
  issn      = {2073-4409},
  month     = jul,
  number    = {7},
  pages     = {727},
  volume    = {8},
  doi       = {10.3390/cells8070727},
  publisher = {MDPI AG},
}

@Article{Arjmandi_2021,
  author    = {Arjmandi, Hamidreza and Rudsari, Hamid Khoshfekr and Santos, Joao and Zoofaghari, Mohammad and Ievglevskyi, Oleksandr and Kanada, Masamitsu and Khaleghi, Ali and Balasingham, Ilangko and Veletic, Mladen},
  journal   = {IEEE Communications Magazine},
  title     = {Extracellular Vesicle-Mediated Communication Nanonetworks: Opportunities and Challenges},
  year      = {2021},
  issn      = {1558-1896},
  month     = may,
  number    = {5},
  pages     = {68--73},
  volume    = {59},
  doi       = {10.1109/MCOM.001.2000994},
  publisher = {Institute of Electrical and Electronics Engineers (IEEE)},
}

@Article{Ferguson_2020,
  author    = {Ferguson, Scott and Weissleder, Ralph},
  journal   = {Advanced Biosystems},
  title     = {Modeling EV Kinetics for Use in Early Cancer Detection},
  year      = {2020},
  issn      = {2366-7478},
  month     = may,
  number    = {12},
  volume    = {4},
  doi       = {10.1002/adbi.201900305},
  publisher = {Wiley},
}

@Article{Sykov__2008,
  author    = {Syková, Eva and Nicholson, Charles},
  journal   = {Physiological Reviews},
  title     = {Diffusion in Brain Extracellular Space},
  year      = {2008},
  issn      = {1522-1210},
  month     = oct,
  number    = {4},
  pages     = {1277--1340},
  volume    = {88},
  doi       = {10.1152/physrev.00027.2007},
  publisher = {American Physiological Society},
}

@Article{Piffoux_2018,
  author    = {Piffoux, Max and Silva, Amanda K. A. and Wilhelm, Claire and Gazeau, Florence and Tareste, David},
  journal   = {ACS Nano},
  title     = {Modification of Extracellular Vesicles by Fusion with Liposomes for the Design of Personalized Biogenic Drug Delivery Systems},
  year      = {2018},
  issn      = {1936-086X},
  month     = jul,
  number    = {7},
  pages     = {6830--6842},
  volume    = {12},
  doi       = {10.1021/acsnano.8b02053},
  publisher = {American Chemical Society (ACS)},
}

